
@misc{kubernetes_nodes,
    editor={Prasuna, Lakshmi and others},
    title={Nodes},
    url={https://kubernetes.io/docs/concepts/architecture/nodes/},
    journal={Kubernetes},
    year={2023},
    month={01},
    urldate={2023-02-04}
} 
@misc{raspi,
    title={What is a Raspberry Pi?},
    url={https://www.raspberrypi.org/help/what-%20is-a-Raspberry Pi/},
    journal={Raspberry Pi},
    author={Raspberry Pi},
    year={2015},
    month={08},
    urldate={2023-02-04}
}
@misc{kubernetes_overview,
    editor={SphinxKnight and others},
    title={Overview},
    url={https://kubernetes.io/docs/concepts/overview/},
    journal={Kubernetes},
    year={2023},
    month={01},
    urldate={2023-02-04}
} 
@misc{kubernetes_components,
    editor={Zala, Sahdev and others},
    title={Kubernetes Components},
    url={https://kubernetes.io/docs/concepts/overview/components/},
    journal={Kubernetes},
    year={2022},
    month={10},
    urldate={2023-02-04}
}
@misc{k3s,
    editor={Schweikert, Robert and others},
    title={Lightweight Kubernetes},
    url={https://docs.k3s.io/},
    journal={K3s},
    year={2023},
    month={02},
    urldate={2023-02-05},
}
@misc{ansible_docs,
    editor={McCann, Sandra and others},
    title={Ansible documentation},
    url={https://docs.ansible.com/ansible/latest/index.html},
    journal={Ansible Documentation - Ansible Documentation},
    year={2023},
    month={02},
    urldate={2023-02-05},
}
@misc{electronic_cost,
    title={Electronics will cost more in 2023},
    url={https://www.technewsworld.com/story/electronics-will-cost-more-in-2023-177026.html},
    journal={TechNewsWorld},
    author={McGregor, Jim},
    year={2022},
    month={11},
    urldate={2023-04-06},
}  
@inproceedings{containers,
    author = {Perera, H. and Silva, T. and Wasala, W. and Rajapakshe, R. and Kodagoda, Nuwan and Samaratunge, Udara and Jayanandana, H.},
    year = {2021},
    month = {12},
    pages = {258-263},
    title = {Database Scaling on Kubernetes},
    doi = {10.1109/ICAC54203.2021.9671185}
}
 @misc{raspi_market,
    title={Industrial raspberry pi market - forecast (2023 - 2028)},
    url={https://www.linkedin.com/pulse/industrial-Raspberry Pi-market-forecast-2023-2028-hanisha-reddy/},
    journal={LinkedIn},
    author={Reddy, Hanisha},
    year={2023},
    month={01},
    urldate={2023-02-05},
}
@inproceedings{k3s_mk8s,
    author = {BÃ¶hm, Sebastian and Wirtz, Guido},
    year = {2021},
    month = {03},
    pages = {},
    title = {Profiling Lightweight Container Platforms: MicroK8s and K3s in Comparison to Kubernetes}
}
@article{cloud_computing,
    author = {Nwobodo, Ikechukwu},
    year = {2015},
    month = {04},
    pages = {82-87},
    title = {Cloud Computing: A Detailed Relationship to Grid and Cluster Computing},
    volume = {4},
    journal = {International Journal of Future Computer and Communication},
    doi = {10.7763/IJFCC.2015.V4.361}
}